
@misc{chris_ellis_preliminary_2010,
	title = {Preliminary {Prismatic} {Coupled} {Neutronics} {Thermal} {Fluids} {Transient} {Benchmark} of the {MHTGR}-350 {MW} {Core} {Design}},
	language = {en},
	author = {Chris Ellis, Hans Gougar},
	month = jun,
	year = {2010},
	file = {Chris Ellis - 2010 - Preliminary Prismatic Coupled Neutronics Thermal F.pdf:/home/roberto/Zotero/storage/ZGYU63V7/Chris Ellis - 2010 - Preliminary Prismatic Coupled Neutronics Thermal F.pdf:application/pdf}
}