
@article{oecd_nea_benchmark_2017,
	title = {Benchmark of the {Modular} {High}-{Temperature} {Gas}-{Cooled} {Reactor} ({MHTGR})-350 {MW} {Core} {Design} {Volumes} {I} and {II}},
	language = {en},
	author = {OECD NEA},
	year = {2017},
	pages = {110},
	file = {2017 - Benchmark of the Modular High-Temperature Gas-Cool.pdf:/home/roberto/Zotero/storage/S8GJITSH/2017 - Benchmark of the Modular High-Temperature Gas-Cool.pdf:application/pdf}
}

@misc{gougar_prismatic_2010,
	title = {{PRISMATIC} {COUPLED} {NEUTRONICS}/{THERMAL} {FLUIDS} {TRANSIENT} {BENCHMARK} {OF} {THE} {MHTGR}-350 {MW} {CORE} {DESIGN}},
	author = {Gougar, Hans and Pope, Michael and Strydom, Gerhard and Baxter, Alan},
	year = {2010},
	file = {Gougar et al. - 2010 - PRISMATIC COUPLED NEUTRONICSTHERMAL FLUIDS TRANSI.pdf:/home/roberto/Zotero/storage/V5J54QP3/Gougar et al. - 2010 - PRISMATIC COUPLED NEUTRONICSTHERMAL FLUIDS TRANSI.pdf:application/pdf}
}

@techreport{strydom_results_2015,
	title = {Results for {Phase} {I} of the {IAEA} {Coordinated} {Research} {Program} on {HTGR} {Uncertainties}},
	url = {http://www.osti.gov/servlets/purl/1173079/},
	language = {en},
	number = {INL/EXT--14-32944, 1173079},
	urldate = {2020-08-10},
	author = {Strydom, Gerhard and Bostelmann, Friederike and Yoon, Su Jong},
	month = jan,
	year = {2015},
	doi = {10.2172/1173079},
	pages = {INL/EXT--14--32944, 1173079},
	file = {Strydom et al. - 2015 - Results for Phase I of the IAEA Coordinated Resear.pdf:/home/roberto/Zotero/storage/88NKTKE4/Strydom et al. - 2015 - Results for Phase I of the IAEA Coordinated Resear.pdf:application/pdf}
}

@misc{ortensi_oecdnea_2015,
	title = {{OECD}/{NEA} {COUPLED} {NEUTRONIC}/{THERMAL}-{FLUIDS} {BENCHMARK} {OF} {THE} {MHTGR}-350 {MW} {CORE} {DESIGN} {VOLUME} {III}: {LATTICE} {PHYSICS} {EXERCISES}},
	author = {Ortensi, Javier and Pope, Michael A. and Ellis, Chris and Baxter, Alan},
	month = jan,
	year = {2015}
}
