
@article{oecd_nea_benchmark_2017,
	title = {Benchmark of the {Modular} {High}-{Temperature} {Gas}-{Cooled} {Reactor} ({MHTGR})-350 {MW} {Core} {Design} {Volumes} {I} and {II}},
	language = {en},
	author = {OECD NEA},
	year = {2017},
	pages = {110},
	file = {2017 - Benchmark of the Modular High-Temperature Gas-Cool.pdf:/home/roberto/Zotero/storage/4RRRR45R/2017 - Benchmark of the Modular High-Temperature Gas-Cool.pdf:application/pdf}
}

@misc{chris_ellis_preliminary_2010,
	title = {Preliminary {Prismatic} {Coupled} {Neutronics} {Thermal} {Fluids} {Transient} {Benchmark} of the {MHTGR}-350 {MW} {Core} {Design}},
	language = {en},
	author = {Chris Ellis, Hans Gougar},
	month = jun,
	year = {2010},
	file = {Chris Ellis - 2010 - Preliminary Prismatic Coupled Neutronics Thermal F.pdf:/home/roberto/Zotero/storage/ZGYU63V7/Chris Ellis - 2010 - Preliminary Prismatic Coupled Neutronics Thermal F.pdf:application/pdf}
}